<record><leader>00000cas a2200000 a 4500</leader><controlfield tag="001">8808033</controlfield><controlfield tag="008">820925d19031907inudr ne      0    0eng  </controlfield><datafield ind1=" " ind2=" " tag="010"><subfield code="a">sn 82015665 </subfield></datafield><datafield ind1=" " ind2=" " tag="040"><subfield code="a">DLC</subfield><subfield code="b">eng</subfield><subfield code="c">DLC</subfield><subfield code="d">NPI</subfield><subfield code="d">DLC</subfield><subfield code="d">KNP</subfield><subfield code="d">NVF</subfield><subfield code="d">DLC</subfield><subfield code="d">TXA</subfield><subfield code="d">OCLCO</subfield><subfield code="d">OCLCQ</subfield><subfield code="d">DLC</subfield><subfield code="d">OCLCF</subfield><subfield code="d">IUL</subfield><subfield code="d">OCL</subfield></datafield><datafield ind1=" " ind2=" " tag="042"><subfield code="a">pcc</subfield></datafield><datafield ind1=" " ind2=" " tag="043"><subfield code="a">n-us-in</subfield></datafield><datafield ind1="0" ind2="0" tag="050"><subfield code="a">Newspaper</subfield></datafield><datafield ind1="0" ind2="4" tag="245"><subfield code="a">The Indianapolis morning star.</subfield></datafield><datafield ind1="3" ind2="0" tag="246"><subfield code="a">Indianapolis Sunday sun</subfield></datafield><datafield ind1="1" ind2="3" tag="246"><subfield code="a">Indianapolis morning star and journal</subfield><subfield code="f">June 9-Oct. 26, 1904</subfield></datafield><datafield ind1=" " ind2=" " tag="260"><subfield code="a">Indianapolis, Ind. :</subfield><subfield code="b">Indianapolis Star Co.,</subfield><subfield code="c">1903-1907.</subfield></datafield><datafield ind1=" " ind2=" " tag="300"><subfield code="a">4 v. :</subfield><subfield code="b">ill. ;</subfield><subfield code="c">59 cm.</subfield></datafield><datafield ind1=" " ind2=" " tag="310"><subfield code="a">Daily</subfield></datafield><datafield ind1="0" ind2=" " tag="362"><subfield code="a">Vol. 1, no. 1 (June 6, 1903)-v. 4, no. 363 (June 3, 1907).</subfield></datafield><datafield ind1=" " ind2=" " tag="500"><subfield code="a">"Indianapolis morning" appears within title ornament, June 6, 1903-Oct. 26, 1904.</subfield></datafield><datafield ind1=" " ind2=" " tag="500"><subfield code="a">Sometimes published as: Indianapolis morning star and journal, June 9-Oct. 26, 1904.</subfield></datafield><datafield ind1=" " ind2=" " tag="500"><subfield code="a">Sunday edition has title: Indianapolis Sunday sun, Nov. 13, 1904-June 2, 1907.</subfield></datafield><datafield ind1=" " ind2=" " tag="530"><subfield code="a">Also issued on microfilm from Micro Photo Division, Bell &amp; Howell Co.</subfield></datafield><datafield ind1=" " ind2=" " tag="580"><subfield code="a">Weekly ed.: State sentinel (Indianapolis, Ind.), 1903-1906.</subfield></datafield><datafield ind1=" " ind2=" " tag="580"><subfield code="a">Absorbed the Sunday ed. of: Indianapolis sentinel (Indianapolis, Ind. : 1905).</subfield></datafield><datafield ind1=" " ind2="0" tag="651"><subfield code="a">Indianapolis (Ind.)</subfield><subfield code="v">Newspapers.</subfield></datafield><datafield ind1=" " ind2="0" tag="651"><subfield code="a">Marion County (Ind.)</subfield><subfield code="v">Newspapers.</subfield></datafield><datafield ind1=" " ind2="7" tag="651"><subfield code="a">Indiana</subfield><subfield code="z">Marion County.</subfield><subfield code="2">fast</subfield><subfield code="0">(OCoLC)fst01213920</subfield></datafield><datafield ind1=" " ind2="7" tag="651"><subfield code="a">Indiana</subfield><subfield code="z">Indianapolis.</subfield><subfield code="2">fast</subfield><subfield code="0">(OCoLC)fst01205182</subfield></datafield><datafield ind1=" " ind2="7" tag="655"><subfield code="a">Newspapers.</subfield><subfield code="2">fast</subfield><subfield code="0">(OCoLC)fst01423814</subfield></datafield><datafield ind1=" " ind2=" " tag="752"><subfield code="a">United States</subfield><subfield code="b">Indiana</subfield><subfield code="c">Marion</subfield><subfield code="d">Indianapolis.</subfield></datafield><datafield ind1="1" ind2=" " tag="775"><subfield code="t">State sentinel (Indianapolis, Ind.)</subfield><subfield code="w">(DLC)sn 87056606</subfield><subfield code="w">(OCoLC)16158871</subfield></datafield><datafield ind1="0" ind2="8" tag="776"><subfield code="i">Online version:</subfield><subfield code="t">Indianapolis morning star</subfield><subfield code="w">(DLC)  2011263088</subfield><subfield code="w">(OCoLC)700525532</subfield></datafield><datafield ind1="0" ind2="0" tag="780"><subfield code="t">Indianapolis globe (Indianapolis, Ind. : Daily)</subfield><subfield code="w">(DLC)sn 87056604</subfield><subfield code="w">(OCoLC)16159589</subfield></datafield><datafield ind1="0" ind2="5" tag="780"><subfield code="t">Indianapolis journal (Indianapolis, Ind. : Daily)</subfield><subfield code="g">1904</subfield><subfield code="x">2332-0974</subfield><subfield code="w">(DLC)sn 82015679</subfield><subfield code="w">(OCoLC)8811247</subfield></datafield><datafield ind1="1" ind2="6" tag="780"><subfield code="t">Indianapolis sentinel (Indianapolis, Ind. : 1905)</subfield><subfield code="w">(DLC)sn 87056410</subfield><subfield code="w">(OCoLC)16159628</subfield></datafield><datafield ind1="0" ind2="0" tag="785"><subfield code="t">Indianapolis star (Indianapolis, Ind.)</subfield><subfield code="x">1930-2533</subfield><subfield code="w">(DLC)sn 83016001</subfield><subfield code="w">(OCoLC)7980466</subfield></datafield><datafield ind1="4" ind2="1" tag="856"><subfield code="u">http://proquest.umi.com/</subfield><subfield code="z">Available within the the ProQuest Historical Newspapers Indianapolis Star</subfield></datafield><datafield ind1="1" ind2=" " tag="029"><subfield code="a">AU@</subfield><subfield code="b">000020393979</subfield></datafield></record>